<?xml version="1.0" encoding="UTF-8"?><collection xmlns="http://www.loc.gov/MARC21/slim"><record><leader>00332nam--2200109-i-4500</leader><controlfield tag="001">000006773</controlfield><controlfield tag="002">20161230</controlfield><controlfield tag="005">20161230201027</controlfield><controlfield tag="008">060222s1000------------r-----000-0-eng-d</controlfield><datafield ind1=" " ind2=" " tag="245"><subfield code="a">Centre national de la recherche scientifique. rapport national de conjoncture: 1960, 1961/ 1962</subfield></datafield><datafield ind1=" " ind2=" " tag="260"><subfield code="a">Paris, C.N.R.S., 1961/1962 458 P</subfield></datafield><datafield ind1=" " ind2=" " tag="852"><subfield code="a">19660</subfield></datafield></record></collection>